<?xml version="1.0" encoding="UTF-8"?><record xmlns="http://www.loc.gov/MARC21/slim" xmlns:cinclude="http://apache.org/cocoon/include/1.0" xmlns:zs="http://www.loc.gov/zing/srw/">
  <leader>00532cz  a2200145n  4500</leader>
  <controlfield tag="001">n 2003128288</controlfield>
  <controlfield tag="003">DLC</controlfield>
  <controlfield tag="005">20070826075014.0</controlfield>
  <controlfield tag="008">030423n| acannaabn          |n aaa      </controlfield>
  <datafield tag="010" ind1=" " ind2=" ">
    <subfield code="a">n 2003128288</subfield>
  </datafield>
  <datafield tag="035" ind1=" " ind2=" ">
    <subfield code="a">(DNLM)1230513</subfield>
  </datafield>
  <datafield tag="035" ind1=" " ind2=" ">
    <subfield code="a">(OCoLC)oca06033605</subfield>
  </datafield>
  <datafield tag="040" ind1=" " ind2=" ">
    <subfield code="a">DNLM</subfield>
    <subfield code="b">eng</subfield>
    <subfield code="c">DNLM</subfield>
    <subfield code="d">DNLM</subfield>
  </datafield>
  <datafield tag="100" ind1="1" ind2=" ">
    <subfield code="a">Friedman, Jeremy N.</subfield>
  </datafield>
  <datafield tag="670" ind1=" " ind2=" ">
    <subfield code="a">The hospital for sick children, 2003:</subfield>
    <subfield code="b">CIP t.p. (Jeremy Friedman, MD; director, Inpatient Pediatric Medicine, The Hosp. for Sick Children, asst. prof., Univ. of Toronto) bk t.p. (Jeremy N. Friedman)</subfield>
  </datafield>
</record>